@online{ExpositiondossierAntoineSaintExupery2024,
  title = {Exposition-dossier Antoine de Saint-Exupéry, fragments d'histoire},
  date = {2024-06-01},
  url = {https://www.museeairespace.fr/agenda/exposition-dossier-antoine-de-saint-exupery-fragments-dhistoire/},
  urldate = {2024-08-27},
  abstract = {À l'occasion de la commémoration des 80 ans de la Libération et de la disparition en mer Méditerranée du commandant Antoine de Saint-Exupéry le 31 juillet 1944, le musée de l'Air et de l'Espace dédie une exposition-dossier consacrée au pilote et écrivain célèbre.},
  langid = {french},
  organization = {Musée de l'Air et de l'Espace},
  file = {/home/port-pret-etu01/snap/zotero-snap/common/Zotero/storage/IV67RSME/exposition-dossier-antoine-de-saint-exupery-fragments-dhistoire.html},
  keywords = {divers}
}

@online{ProjetAder,
  title = {Projet C.Ader},
  url = {https://www.isgroupe.com/fr/recherche-innovation/offres/c.ader-patrimoine-aeronef-oug},
  urldate = {2024-05-14},
  abstract = {Patrimoine : comment conserver à l'extérieur les aéronefs à long terme ? En utilisant des outils innovants de diagnostic (OUG non linéaires pour l'Institut de Soudure) et de conservation...},
  langid = {french},
  organization = {Institut de Soudure Groupe},
  file = {/home/port-pret-etu01/snap/zotero-snap/common/Zotero/storage/5PF36AG5/c.html},
  keywords = {divers}
}

@online{ClementAder2024,
  title = {Clément Ader},
  booktitle = {Wikipédia},
  date = {2024-08-04T18:09:20Z},
  url = {https://fr.wikipedia.org/w/index.php?title=Cl%C3%A9ment_Ader&oldid=217376507},
  urldate = {2024-05-28},
  abstract = {Clément Ader, né le 2 avril 1841 à Muret et mort le 3 mai 1925 à Toulouse, est un ingénieur français, pionnier de l'aviation. Il est possiblement le premier à avoir fait décoller un engin motorisé plus lourd que l'air en 1890.},
  langid = {french},
  annotation = {Page Version ID: 217376507},
  file = {/home/port-pret-etu01/snap/zotero-snap/common/Zotero/storage/VV3FJEM8/Clément_Ader.html},
  keywords = {divers}
}

@online{ApprentissageProfondDeep,
  title = {Apprentissage profond (deep learning)},
  url = {https://www.cnil.fr/fr/definition/apprentissage-profond-deep-learning},
  urldate = {2024-08-21},
  abstract = {L’apprentissage profond est un procédé d’apprentissage automatique utilisant des réseaux de neurones possédant plusieurs couches de neurones cachées.},
  langid = {french},
  organization = {CNIL},
  file = {/home/port-pret-etu01/snap/zotero-snap/common/Zotero/storage/SU3NEGYI/apprentissage-profond-deep-learning.html},
  keywords = {divers}
}

@online{QuEstceQu,
  title = {Qu'est-ce qu'un {{Modèle Conceptuel}} de {{Données}} ({{MCD}}) ? {{Définition}} \& avantages},
  url = {https://www.cartelis.com/data-engineering/modele-conceptuel-de-donnees-mcd-definition-fonctionnement/},
  urldate = {2024-05-23},
  file = {/home/port-pret-etu01/snap/zotero-snap/common/Zotero/storage/ZHFAN4DC/modele-conceptuel-de-donnees-mcd-definition-fonctionnement.html},
  keywords = {divers}
}

@online{ServeurStockageReseau2023,
  title = {Serveur de stockage en réseau},
  booktitle = {Wikipédia},
  date = {2023-12-19T20:29:19Z},
  url = {https://fr.wikipedia.org/w/index.php?title=Serveur_de_stockage_en_r%C3%A9seau&oldid=210709093},
  urldate = {2024-08-28},
  abstract = {Un serveur de stockage en réseau, également appelé stockage en réseau NAS, boîtier de stockage en réseau ou plus simplement NAS (de l'anglais Network Attached Storage), est un serveur de fichiers autonome, relié à un réseau, dont la principale fonction est le stockage de données en un volume centralisé pour des clients réseau hétérogènes.},
  langid = {french},
  annotation = {Page Version ID: 210709093},
  keywords = {divers}
}

@online{CloudComputingQu2024,
  title = {Cloud computing : qu'est-ce que c'est ?},
  date = {2024-07-27},
  url = {https://www.futura-sciences.com/tech/definitions/informatique-cloud-computing-11573/},
  urldate = {2024-08-28},
  abstract = {Définition de cloud computing : Le cloud computing ou informatique en nuage est une infrastructure dans laquelle la puissance de calcul et le stockage sont gérés par des serveurs distants auxquels...},
  langid = {french},
  organization = {Futura},
  keywords = {divers}
}

@online{leroyterquemIntelligenceArtificielleAu,
  title = {L’intelligence artificielle au service de la conservation des collections},
  author = {Leroy-Terquem, Mélanie},
  url = {https://www.bnf.fr/fr/lintelligence-artificielle-au-service-de-la-conservation-des-collections},
  urldate = {2024-08-29},
  abstract = {BnF - Site institutionnel},
  langid = {french},
  organization = {BnF - Site institutionnel},
  file = {/home/port-pret-etu01/snap/zotero-snap/common/Zotero/storage/XLDC4L5K/lintelligence-artificielle-au-service-de-la-conservation-des-collections.html},
  keywords = {divers}
}

@article{debideranVisitesNumeriquesParcours2014,
  title = {Visites numériques et parcours augmenté, ou les interactions complexes des touristes avec le patrimoine},
  author = {family=Bideran, given=Jessica, prefix=de, useprefix=true},
  date = {2014},
  journaltitle = {Echappées, Revue annuelle d'art et de design},
  publisher = {ESA Pyrénées éditions - Ecole supérieure d'art des Pyrénées},
  url = {https://hal.science/hal-01399490},
  urldate = {2024-08-29},
  abstract = {Le recours aux images de synthèse pour représenter des sites patrimoniaux en partie détruits ou disparus apparaît depuis plusieurs années comme une solution pertinente permettant de gommer les affres du temps tout en construisant une certaine "mythification" des monuments historiques. Ces représentations patrimoniales se concrétisent dans des images-objets c'est-à-dire des monuments virtuels interactifs qui s'inscrivent dans une série d'usages. Celle-ci s'étend sur tout le spectre de la communication scientifique, du stade de la recherche où l'image perceptible seulement sur l'écran d'ordinateur s'élabore dans un dialogue plus ou moins informel entre chercheur et infographiste, à la médiatisation patrimoniale qui prend les formes les plus diverses. Au sein du panel des outils numériques à disposition, les parcours nomades et multimédias sur tablettes faisant appel à la réalité augmentée construisent des dispositifs de médiation qui permettent d'appréhender différemment le patrimoine.},
  file = {/home/port-pret-etu01/snap/zotero-snap/common/Zotero/storage/2RXKFLRC/de Bideran - 2014 - Visites numériques et parcours augmenté, ou les in.pdf},
  keywords = {divers}
}

@article{gasnierTechnHomTime2020,
  title = {Techn’hom Time Machine : un patrimoine industriel augmenté},
  shorttitle = {Techn’hom Time Machine},
  author = {Gasnier, Marina},
  date = {2020-07-15},
  journaltitle = {Artefact. Techniques, histoire et sciences humaines},
  number = {12},
  pages = {293--299},
  publisher = {Presses universitaires du Midi},
  issn = {2273-0753},
  doi = {10.4000/artefact.5967},
  url = {https://journals.openedition.org/artefact/5967},
  urldate = {2024-08-29},
  abstract = {Contexte et objectifs En accord avec la politique scientifique de l’université de technologie de Belfort-Montbéliard, le projet Techn’hom Time Machine vise à articuler davantage l’enseignement et la recherche, ainsi qu’à développer l’interdisciplinarité entre les sciences humaines et sociales et les sciences de l’ingénierie. À titre expérimental, ce projet envisage le développement de nouvelles formes d’apprentissage. Les enseignants-chercheurs et les étudiants seront co-constructeurs de nouv...},
  isbn = {9782810706914},
  issue = {12},
  langid = {french},
  file = {/home/port-pret-etu01/snap/zotero-snap/common/Zotero/storage/4ALDFPUR/Gasnier - 2020 - Techn’hom Time Machine  un patrimoine industriel .pdf},
  keywords = {divers}
}

@online{EquipExESPADONFondation,
  title = {EquipEx + ESPADON – Fondation des Sciences du Patrimoine},
  url = {https://www.sciences-patrimoine.org/espadon/},
  urldate = {2024-08-29},
  langid = {french},
  file = {/home/port-pret-etu01/snap/zotero-snap/common/Zotero/storage/PSE43UWZ/espadon.html},
  keywords = {divers}
}

@book{schopfelPartageValorisationDonnees2023,
  title = {Partage et valorisation des données de recherche: développements, tendances et modèles},
  shorttitle = {Partage et valorisation des données de recherche},
  author = {Schöpfel, Joachim)},
  namea = {Rebouillat, Violaine)},
  nameatype = {collaborator},
  date = {2023},
  series = {Sciences Management des connaissances scientifiques Dynamiques des transformations des outils et usages},
  publisher = {Iste éditions, ISTE},
  location = {Londres},
  abstract = {Plateformes de partage, de réutilisation et de conservation de données, les entrepôts de données de recherche sont des infrastructures au coeur de la politique pour la science ouverte. Partage et valorisation des données de recherche propose une approche globale de ces entrepôts de données, de leurs fonctionnalités, usages, enjeux et perspectives. Il analyse le paysage des entrepôts en France, discute le concept d’un entrepôt national (avec une étude comparative de plusieurs dispositifs nationaux), décrit le répertoire international re3data et réunit six études de cas d’entrepôts modèles, publics et privés (CDS, Data INRAE, SEANOE, Nakala, Figshare, Data Mendeley). L’annexe contient plusieurs sites web et des textes de référence du ministère de l’Enseignement supérieur, de la Recherche et du CNRS.Premier ouvrage entièrement consacré à ces nouvelles plateformes, il s’adresse aux chercheurs, aux enseignants, aux étudiants et aux professionnels des données et de l’information scientifique et technique.},
  isbn = {978-1-78948-073-3},
  langid = {fre},
  pagetotal = {282},
  keywords = {divers}
}

@online{EnjeuxSecuritePartage,
  title = {Les enjeux de sécurité du partage des données de recherche dans les projets de recherche mettant en collaboration les établissements de recherche publics et le secteur privé - {{33PSL-ENC}}},
  url = {https://catalogue.explore.psl.eu/primo-explore/fulldisplay?docid=TN_cdi_crossref_primary_10_1522_revueot_v30n3_1387&context=PC&vid=33PSL-ENC_V1&lang=fr_FR&search_scope=Default_scope&adaptor=primo_central_multiple_fe&tab=default_tab&query=any,contains,partage%20et%20valorisation%20des%20donn%C3%A9es%20de%20la%20recherche&offset=0},
  urldate = {2024-08-30},
  file = {/home/port-pret-etu01/snap/zotero-snap/common/Zotero/storage/EKPA5FRR/fulldisplay.html},
  keywords = {divers}
}

