@online{walkerSingaporeDigitalTwin2023,
  title = {Singapore’s digital twin – from science fiction to hi-tech reality},
  author = {Walker, Andy},
  date = {2023-05-04},
  url = {https://infra.global/singapores-digital-twin-from-science-fiction-to-hi-tech-reality/},
  urldate = {2024-07-19},
  abstract = {The world’s first digital twin of a nation has the potential to help create better cities, say Mark Coates and Andrew Foster of Bentley Systems.},
  langid = {american},
  organization = {Infrastructure Global},
  file = {/home/port-pret-etu01/snap/zotero-snap/common/Zotero/storage/DTJU48IK/singapores-digital-twin-from-science-fiction-to-hi-tech-reality.html},
  keywords = {exemple}
}

@online{RennesMetropole2017,
  title = {Rennes {{Métropole}}},
  date = {2017-11-30},
  url = {https://www.3ds.com/insights/customer-stories/rennes-metropole},
  urldate = {2024-07-19},
  abstract = {Rennes Métropole chooses the 3DEXPERIENCE platform to implement 3DEXPERIENCity Virtual Rennes, a collaborative solution based on the cloud.},
  langid = {english},
  organization = {Dassault Systèmes},
  file = {/home/port-pret-etu01/snap/zotero-snap/common/Zotero/storage/A4Y8DY6Q/rennes-metropole.html},
  keywords = {exemple}
}

@article{parisotCreerJumeauNumerique2015,
  title = {Créer un jumeau numérique de son usine},
  author = {Parisot, Frédéric},
  date = {2015-12-10},
  publisher = {www.usinenouvelle.com},
  url = {https://www.usinenouvelle.com/article/creer-un-jumeau-numerique-de-son-usine.N367664},
  urldate = {2024-07-16},
  langid = {french},
  file = {/home/port-pret-etu01/snap/zotero-snap/common/Zotero/storage/AVI5SSIE/creer-un-jumeau-numerique-de-son-usine.html},
  keywords = {exemple}
}

@online{lawtonPremiersJoursJumeaux2021,
  title = {Les premiers jours des jumeaux numériques dans la supply chain},
  author = {Lawton, George},
  date = {2021-03-16},
  url = {https://www.lemagit.fr/conseil/Les-premiers-jours-des-jumeaux-numeriques-dans-la-supply-chain},
  urldate = {2024-07-16},
  abstract = {Un jumeau numérique qui résout tous les problèmes de la chaîne d’approvisionnement n’est peut-être pas encore une réalité. Découvrez pourquoi et quels types de projets sont réalistes à date.},
  langid = {french},
  organization = {LeMagIT},
  file = {/home/port-pret-etu01/snap/zotero-snap/common/Zotero/storage/TRS9L2CK/Les-premiers-jours-des-jumeaux-numeriques-dans-la-supply-chain.html},
  keywords = {exemple}
}

@online{jaliniereJumeauxNumeriquesNouveaux2021,
  title = {Les jumeaux numériques, nouveaux auxiliaires de santé},
  author = {Jalinière, Hugo},
  date = {2021-01-16T19:00:00},
  url = {https://www.sciencesetavenir.fr/sante/e-sante/les-jumeaux-numeriques-nouveaux-auxilliaires-de-sante_150165},
  urldate = {2024-07-16},
  abstract = {Des pieds au cerveau, plus aucun organe du corps humain n'échappe à son jumeau numérique.},
  langid = {french},
  organization = {Sciences et Avenir},
  file = {/home/port-pret-etu01/snap/zotero-snap/common/Zotero/storage/93PEQ24H/les-jumeaux-numeriques-nouveaux-auxilliaires-de-sante_150165.html},
  keywords = {exemple}
}

@online{SanteEcosystemeEuropeen2024,
  title = {Santé : un écosystème européen consacré au jumeau numérique | Inria},
  shorttitle = {Santé},
  date = {2024-05-13},
  url = {https://www.inria.fr/fr/sante-partenariats-europeens-jumeau-numerique},
  urldate = {2024-07-16},
  langid = {french},
  organization = {Inria},
  file = {/home/port-pret-etu01/snap/zotero-snap/common/Zotero/storage/FRHTMDQ7/sante-partenariats-europeens-jumeau-numerique.html},
  keywords = {exemple}
}

@article{dumasJumeauNumeriqueSante2023,
  title = {Le jumeau numérique en santé : état des lieux et perspectives d’application à l’hôpital},
  shorttitle = {Le jumeau numérique en santé},
  author = {Dumas, Mathilde and Fay, Anne-Florence and Charpentier, Emmanuel and Matricon, Julien},
  date = {2023-12-18},
  journaltitle = {médecine/sciences},
  shortjournal = {Med Sci (Paris)},
  volume = {39},
  number = {12},
  pages = {953--957},
  issn = {0767-0974, 1958-5381},
  doi = {10.1051/medsci/2023178},
  url = {https://www.medecinesciences.org/10.1051/medsci/2023178},
  urldate = {2024-07-16},
  abstract = {La recherche et développement en santé est très dynamique dans le champ de la simulation, et de nombreux projets se réclament du jumeau numérique (JN). Les JN sont voués à accompagner la transformation du soin, qu’il s’agisse de l’acte médical, du parcours de soins ou de leur organisation. Toutefois, cette technologie est naissante et nécessite d’être évaluée. L’objectif de cette synthèse est de dresser un état des lieux des cas d’usages du JN à l’hôpital. Nous revenons sur la définition du concept de JN et proposons un condensé des études en cours. Enfin, nous rappelons l’importance de créer un cadre propice au déploiement de ces outils, garantissant la confiance et la sécurité des acteurs et des patients.           ,              The field of modeling and simulation including digital twins (DT) is getting a lot of traction in the health sector, with various benefits being outlined. Indeed, DT are designed to support the transformation of healthcare, ranging from the medical act itself to the organization of healthcare systems and hospitals, also including medical research. However, the technology is still in its infancy and needs to be evaluated according to medical standards. First and foremost, their clinical value remains to be assessed, taking into account the limits associated with AI tools. The aim of this review is to provide an overview of the use cases being tested in hospital settings. We go back to the definition of the DT concept and provide a summary of current studies. Finally, we outline the challenges to be taken into account in order to provide a framework for the deployment of DT tools, guaranteeing the trust and safety of those involved, especially of patients.},
  langid = {french},
  file = {/home/port-pret-etu01/snap/zotero-snap/common/Zotero/storage/TKHU536L/Dumas et al. - 2023 - Le jumeau numérique en santé État des lieux et pe.pdf},
  keywords = {exemple}
}

@article{JumeauxNumeriquesTout2024,
  entrysubtype = {newspaper},
  title = {Jumeaux numériques : tout savoir sur une révolution qui va changer la donne en santé (Interview)},
  shorttitle = {Jumeaux numériques},
  date = {2024-04-22},
  journaltitle = {La Veille Acteurs de Santé},
  url = {https://www.veille-acteurs-sante.fr/2024/04/22/jumeaux-numeriques-tout-savoir-sur-une-revolution-qui-va-changer-la-donne-en-sante-interview/},
  urldate = {2024-07-16},
  abstract = {Jumeaux numériques : ce concept est né comme un fantasme, suscitant espoirs ou craintes. Aujourd’hui, c’est devenu une innovation qui… Lire la suite},
  langid = {french},
  file = {/home/port-pret-etu01/snap/zotero-snap/common/Zotero/storage/8L4DG9SG/jumeaux-numeriques-tout-savoir-sur-une-revolution-qui-va-changer-la-donne-en-sante-interview.html},
  keywords = {exemple}
}

@article{kritzingerDigitalTwinManufacturing2018,
  title = {Digital {{Twin}} in manufacturing: {{A}} categorical literature review and classification},
  shorttitle = {Digital {{Twin}} in manufacturing},
  author = {Kritzinger, Werner and Karner, Matthias and Traar, Georg and Henjes, Jan and Sihn, Wilfried},
  date = {2018-01-01},
  journaltitle = {IFAC-PapersOnLine},
  shortjournal = {IFAC-PapersOnLine},
  series = {16th {{IFAC Symposium}} on {{Information Control Problems}} in {{Manufacturing INCOM}} 2018},
  volume = {51},
  number = {11},
  pages = {1016--1022},
  issn = {2405-8963},
  doi = {10.1016/j.ifacol.2018.08.474},
  url = {https://www.sciencedirect.com/science/article/pii/S2405896318316021},
  urldate = {2024-07-16},
  abstract = {The Digital Twin (DT) is commonly known as a key enabler for the digital transformation, however, in literature is no common understanding concerning this term. It is used slightly different over the disparate disciplines. The aim of this paper is to provide a categorical literature review of the DT in manufacturing and to classify existing publication according to their level of integration of the DT. Therefore, it is distinct between Digital Model (DM), Digital Shadow (DS) and Digital Twin. The results are showing, that literature concerning the highest development stage, the DT, is scarce, whilst there is more literature about DM and DS.},
  file = {/home/port-pret-etu01/snap/zotero-snap/common/Zotero/storage/7YMBB648/S2405896318316021.html},
  keywords = {exemple}
}

@online{ExplorerGoogleArts,
  title = {Explorer — {{Google Arts}}~\&~{{Culture}}},
  url = {https://artsandculture.google.com/explore},
  urldate = {2024-07-11},
  file = {/home/port-pret-etu01/snap/zotero-snap/common/Zotero/storage/GTV5MBPG/explore.html},
  keywords = {exemple}
}

@online{MichelangeloDavid3D,
  title = {Michelangelo's {{David}} in {{3D}}},
  url = {gle.com/shttps://artsandculture.gootory/michelangelo-s-david-in-3d/dAWBjX-EWTtdYA},
  urldate = {2024-07-10},
  abstract = {A 360˚ look at the top of one of the world's most famous sculptures},
  langid = {english},
  organization = {Google Arts \& Culture},
  file = {/home/port-pret-etu01/snap/zotero-snap/common/Zotero/storage/E4KEHT69/dAWBjX-EWTtdYA.html},
  keywords = {exemple}
}

@online{lydonMichelangeloDavidHas2021,
  title = {Michelangelo’s {{David}} has a 17-foot {{3D-printed}} twin},
  author = {Lydon, Adrian and {CNN}},
  date = {2021-05-20T07:53:44Z},
  url = {https://www.cnn.com/style/article/michelangelo-david-statue-twin-dubai-expo-spc-intl-hnk/index.html},
  urldate = {2024-07-10},
  abstract = {Michelangelo’s 500-year-old statue of David has a new double. Made using cutting edge technology, it is on display at Dubai Expo 2020.},
  langid = {english},
  organization = {CNN},
  file = {/home/port-pret-etu01/snap/zotero-snap/common/Zotero/storage/P7SBXSNF/index.html},
  keywords = {exemple}
}

@online{farooqiMichelangeloDavidHas2021,
  title = {Michelangelo’s “{{David}}” {{Has Been Perfectly Cloned With 3D Printing}}},
  author = {Farooqi, Saad},
  date = {2021-05-12T16:20:00+00:00},
  url = {https://www.engineering.com/michelangelos-david-has-been-perfectly-cloned-with-3d-printing/},
  urldate = {2024-07-10},
  abstract = {Additive manufacturing has sculpted an ultra-realistic digital and physical twin of Michelangelo’s magnum opus.},
  langid = {american},
  organization = {Engineering.com},
  file = {/home/port-pret-etu01/snap/zotero-snap/common/Zotero/storage/LBPXQHY2/michelangelos-david-has-been-perfectly-cloned-with-3d-printing.html},
  keywords = {exemple}
}

@online{BritishMuseumLondon,
  title = {British {{Museum}}, {{London}}, {{Royaume-Uni}} — {{Google Arts}}~\&~{{Culture}}},
  url = {https://artsandculture.google.com/streetview/british-museum/AwEp68JO4NECkQ?sv_lng=-0.12660245092570221&sv_lat=51.519053689067135&sv_h=306&sv_p=0&sv_pid=JeKwUFYAMWXNWPh3IOg3jw&sv_z=0.9999999999999997},
  urldate = {2024-07-10},
  file = {/home/port-pret-etu01/snap/zotero-snap/common/Zotero/storage/8WKZVIS2/AwEp68JO4NECkQ.html},
  keywords = {exemple}
}

@online{BritishMuseum,
  title = {The {{British Museum}}},
  url = {https://sketchfab.com/britishmuseum},
  urldate = {2024-07-10},
  abstract = {View the profile and 3D models by The British Museum (@britishmuseum). A museum of the world, for the world.},
  langid = {english},
  organization = {Sketchfab},
  file = {/home/port-pret-etu01/snap/zotero-snap/common/Zotero/storage/4QLD9M97/britishmuseum.html},
  keywords = {exemple}
}

@online{ExploreCollections,
  title = {Explore the {{Collections}} · {{V}}\&{{A}}},
  url = {https://www.vam.ac.uk/collections},
  urldate = {2024-07-10},
  abstract = {Explore the Collections - Search more than 1.2 million objects},
  langid = {english},
  organization = {Victoria and Albert Museum},
  file = {/home/port-pret-etu01/snap/zotero-snap/common/Zotero/storage/EI3K2B2N/collections.html}
}

@online{RosettaStoneDownload2017,
  title = {The {{Rosetta Stone}} - {{Download Free 3D}} model by {{The British Museum}} (@britishmuseum)},
  date = {2017-07-11},
  url = {https://sketchfab.com/models/1e03509704a3490e99a173e53b93e282/embed?autostart=1},
  urldate = {2024-07-10},
  abstract = {Part of grey and pink granodiorite stela bearing priestly decree concerning Ptolemy V in three blocks of text: Hieroglyphic (14 lines), Demotic (32 lines) and Greek (54 lines). The inscription is a decree passed by a council of priests, one of a series that affirm the royal cult of the 13 year-old Ptolemy V on the first anniversary of his coronation. © The Trustees of the British Museum. Shared under a Creative Commons Attribution-NonCommercial-ShareAlike 4.0 International (CC BY-NC-SA 4.0) licence. - The Rosetta Stone - Download Free 3D model by The British Museum (@britishmuseum)},
  langid = {english},
  file = {/home/port-pret-etu01/snap/zotero-snap/common/Zotero/storage/KAHBDEKA/the-rosetta-stone-1e03509704a3490e99a173e53b93e282.html},
  keywords = {exemple}
}

@online{SketchfabBest3D,
  title = {Sketchfab - {{The}} best {{3D}} viewer on the web},
  url = {https://sketchfab.com},
  urldate = {2024-07-11},
  abstract = {With a community of over one million creators, we are the world’s largest platform to publish, share, and discover 3D content on web, mobile, AR, and VR.},
  langid = {english},
  organization = {Sketchfab},
  file = {/home/port-pret-etu01/snap/zotero-snap/common/Zotero/storage/933QMSYC/sketchfab.com.html},
  keywords = {exemple}
}

@online{CyArk,
  title = {{{CyArk}}},
  url = {https://www.cyark.org/},
  urldate = {2024-07-11},
  abstract = {CyArk is a non profit organization founded in 2003 to digitally record, archive and share the world's cultural heritage and ensure that these places continue to inspire wonder and curiosity for decades to come.},
  organization = {CyArk},
  file = {/home/port-pret-etu01/snap/zotero-snap/common/Zotero/storage/ETQ8L7AE/www.cyark.org.html},
  keywords = {exemple}
}

@online{AdDeirMonastery,
  title = {Ad {{Deir Monastery}} - {{Petra}} - {{NIRA}}},
  url = {https://cyark.nira.app/a/2LWqqZ9uR5-VBpaXjsDPCw/1},
  urldate = {2024-07-15},
  file = {/home/port-pret-etu01/snap/zotero-snap/common/Zotero/storage/7FIRJBVN/1.html},
  keywords = {exemple}
}

@online{ScanPyramids,
  title = {{{ScanPyramids}}},
  url = {http://www.scanpyramids.org/index-fr.html},
  urldate = {2024-07-11},
  file = {/home/port-pret-etu01/snap/zotero-snap/common/Zotero/storage/X3M9NGVW/index-fr.html},
  keywords = {exemple}
}

@online{VisiteGrotteLascaux,
  title = {Visite de la grotte de Lascaux 1/1, le jumeau virtuel},
  url = {https://www.citedelarchitecture.fr/fr/agenda/activite/visite-de-la-grotte-de-lascaux-11-le-jumeau-virtuel},
  urldate = {2024-07-11},
  abstract = {Pour la première fois, faites un voyage virtuel dans l'intégralité de la chapelle Sixtine de la préhistoire ! Les 235 mètres de galerie de la grotte de Lascaux s'ouvrent à vous pour une expérimentation de réalité virtuelle collective et grandeur nature hors du commun.},
  langid = {french},
  organization = {Cité de l'architecture \& du patrimoine},
  file = {/home/port-pret-etu01/snap/zotero-snap/common/Zotero/storage/4JEGXX6V/visite-de-la-grotte-de-lascaux-11-le-jumeau-virtuel.html},
  keywords = {exemple}
}

@online{Pompeii14Project,
  title = {Pompeii {{I}}.14 {{Project}} - {{Interactive Multimedia}}},
  url = {https://sites.google.com/view/tulaneatpompeii/interactive-multimedia},
  urldate = {2024-07-11},
  file = {/home/port-pret-etu01/snap/zotero-snap/common/Zotero/storage/5VNAN46R/interactive-multimedia.html},
  keywords = {exemple}
}

@online{ModelingPompeiiNew2023,
  title = {Modeling {{Pompeii}}: {{A New Era}} of {{Tech-Driven Collaboration}} in {{Archaeology}}},
  shorttitle = {Modeling {{Pompeii}}},
  date = {2023-01-12T06:34:29-08:00},
  url = {https://www.esri.com/about/newsroom/blog/modeling-pompeii-collaboartive-archaeology/},
  urldate = {2024-07-11},
  abstract = {Archaeologists in Pompeii create 3D models of an excavation site for real-time, visual documentation and data about ancient city planning.},
  langid = {english},
  organization = {Esri},
  file = {/home/port-pret-etu01/snap/zotero-snap/common/Zotero/storage/LKUUAUNZ/modeling-pompeii-collaboartive-archaeology.html},
  keywords = {exemple}
}

@online{veyrierasDigitalTwinNotreDame2019,
  title = {A {{Digital Twin}} for {{Notre-Dame}}},
  author = {Veyrieras, Jean-Baptiste},
  date = {2019-11-13},
  url = {https://news.cnrs.fr/articles/a-digital-twin-for-notre-dame},
  urldate = {2024-07-11},
  abstract = {Creating a Google Earth of sorts for the cathedral of Paris, that is the ambitious project of a team of researchers. Their objective is clear: to gather all past and future knowledge about the structure within a collaborative platform.},
  langid = {english},
  organization = {CNRS News},
  file = {/home/port-pret-etu01/snap/zotero-snap/common/Zotero/storage/CPIRWWG7/a-digital-twin-for-notre-dame.html},
  keywords = {exemple}
}
