@online{LOI20151779282015,
  title = {{{LOI}} n° 2015-1779 du 28 décembre 2015 relative à la gratuité et aux modalités de la réutilisation des informations du secteur public (1)},
  date = {2015-12-28},
  journaltitle = {2015-1779},
  url = {https://www.legifrance.gouv.fr/jorf/id/JORFTEXT000031701525/},
  keywords = {gestionDonnee}
}

@online{Loi7875317,
  title = {Loi n° 78-753 du 17 juillet 1978 portant diverses mesures d'amélioration des relations entre l'administration et le public et diverses dispositions d'ordre administratif, social et fiscal},
  url = {https://www.legifrance.gouv.fr/loda/id/JORFTEXT000000339241/2020-12-15/},
  keywords = {gestionDonnee}
}

@online{LOI20161321Octobre2016,
  title = {{{LOI}} n° 2016-1321 du 7 octobre 2016 pour une {{République}} numérique (1)},
  date = {2016-10-07},
  journaltitle = {2016-1321},
  url = {https://www.legifrance.gouv.fr/jorf/id/JORFTEXT000033202746/},
  keywords = {gestionDonnee}
}

@misc{hadrossekGuideBonnesPratiques,
  title = {Guide de bonnes pratiques sur la gestion des données de la Recherche},
  author = {Hadrossek, Christine and Janik, Joanna and Libes, Maurice and Louvet, Violaine and Quidoz, Marie-Claude and Rivet, Alain and Romier, Geneviève},
  url = {https://hal.science/hal-03152732v1/file/Guide_bonnes_pratiques_gestion_donnees_recherche_v1.pdf},
  urldate = {2024-07-09},
  langid = {french},
  file = {/home/port-pret-etu01/snap/zotero-snap/common/Zotero/storage/KSVMXLKS/Hadrossek et al. - Guide de bonnes pratiques sur la gestion des donné.pdf},
  keywords = {gestionDonnee}
}

@book{europeancommission.directorategeneralforresearchandinnovation.CostbenefitAnalysisFAIR2018,
  title = {Cost-benefit analysis for FAIR research data: cost of not having FAIR research data.},
  shorttitle = {Cost-benefit analysis for FAIR research data},
  author = {{European Commission. Directorate General for Research and Innovation.} and {PwC EU Services.}},
  date = {2018},
  publisher = {Publications Office},
  location = {LU},
  url = {https://data.europa.eu/doi/10.2777/02999},
  urldate = {2024-07-27},
  langid = {french},
  file = {/home/port-pret-etu01/snap/zotero-snap/common/Zotero/storage/DB8PBLGS/European Commission. Directorate General for Research and Innovation. et PwC EU Services. - 2018 - Cost-benefit analysis for FAIR research data cost.pdf},
  keywords = {gestionDonnee}
}

@online{elisaCommentElaborerPlan2022,
  type = {Text},
  title = {Comment élaborer un plan de gestion de données (PGD) ?},
  author = {Elisa, Thomas},
  date = {2022-07-13T12:40:22+02:00},
  url = {https://explore.psl.eu/fr/se-former/publier/comment-elaborer-un-plan-de-gestion-de-donnees-pgd},
  urldate = {2024-05-09},
  abstract = {De plus en plus souvent exigé dans les projets de recherche, le plan de gestion de données (PGD ou DMP pour Data Management Plan) est un outil qui permet de garantir l'intégrité scientifique de la recherche. Mais de quoi s’agit-il, et comment l’élaborer\,?},
  langid = {french},
  organization = {PSL Explore},
  file = {/home/port-pret-etu01/snap/zotero-snap/common/Zotero/storage/ER253KWP/comment-elaborer-un-plan-de-gestion-de-donnees-pgd.html},
  keywords = {gestionDonnee}
}

@online{PrincipesFAIR,
  title = {Principes {{FAIR}}},
  url = {https://www.ccsd.cnrs.fr/principes-fair/#:~:text=Les%20principes%20FAIR%20(Findable%2C%20Accessible,%2C%20comprises%2C%20%C3%A9changeables%20et%20r%C3%A9utilisables},
  urldate = {2024-07-31},
  organization = {CCSD},
  file = {/home/port-pret-etu01/snap/zotero-snap/common/Zotero/storage/QQ7LICHD/principes-fair.html},
  keywords = {gestionDonnee}
}

@misc{ortizGuidePourValorisation,
  title = {Guide pour la valorisation numérique des patrimoines},
  author = {Ortiz, Marylise},
  url = {https://hal.science/hal-03088963/document},
  urldate = {2024-08-09},
  langid = {french},
  file = {/home/port-pret-etu01/snap/zotero-snap/common/Zotero/storage/3VB2LFZR/Ortiz - Guide pour la valorisation numérique des patrimoin.pdf},
  keywords = {gestionDonnee}
}

@online{albouyMemoireTNAH2019MemoireTex,
  title = {Memoire-{{TNAH2019}}/memoire.tex at master · {{Segolene-Albouy}}/{{Memoire-TNAH2019}}},
  author = {Albouy, Ségolène},
  url = {https://github.com/Segolene-Albouy/Memoire-TNAH2019/blob/master/memoire.tex},
  urldate = {2024-05-02},
  abstract = {Mémoire de deuxième année du Master "Technologies numériques appliquées à l'histoire" de l'École des chartes - Segolene-Albouy/Memoire-TNAH2019},
  organization = {GitHub},
  file = {/home/port-pret-etu01/snap/zotero-snap/common/Zotero/storage/MWVVN6SX/memoire.html},
  keywords = {gestionDonnee}
}

@online{BienvenueSiteTransition,
  title = {Bienvenue sur le site de la Transition bibliographique},
  url = {https://www.transition-bibliographique.fr/},
  urldate = {2024-04-12},
  abstract = {Exposer les catalogues des bibliothèques dans le web de données, c'est l’objectif du programme Transition bibliographique lancé en 2015 par Abes et BnF.},
  langid = {french},
  organization = {Transition bibliographique - Programme national},
  file = {/home/port-pret-etu01/snap/zotero-snap/common/Zotero/storage/SUWQFAAX/www.transition-bibliographique.fr.html},
  keywords = {gestionDonnee}
}

@online{badolatoPlanGestionDonnees2019,
  title = {Plan de gestion de données – Recommandations à l’ANR},
  author = {Badolato, Anne-Marie},
  date = {2019-07-11T09:36:12+00:00},
  url = {https://www.ouvrirlascience.fr/plan-de-gestion-de-donnees-recommandations-a-lanr},
  urldate = {2024-04-15},
  abstract = {Ouvrir la Science},
  langid = {french},
  organization = {Ouvrir la Science},
  file = {/home/port-pret-etu01/snap/zotero-snap/common/Zotero/storage/YCYDMHGD/plan-de-gestion-de-donnees-recommandations-a-lanr.html},
  keywords = {gestionDonnee}
}

@online{bermesCinqEtoilesOpen,
  entrysubtype = {video},
  title = {Les cinq étoiles de l'open data},
  editor = {Bermes, Emmanuelle},
  editortype = {director},
  url = {https://embed.api.video/vod/vi2ESKPvZyrbMzgqLJKlkbeY},
  urldate = {2024-07-10},
  abstract = {Les cinq étoiles de l'open data},
  langid = {french},
  keywords = {gestionDonnee}
}

@online{donatiAvantCommencerDMP2019,
  type = {Billet},
  title = {Avant de commencer un DMP, répondez aux questions suivantes},
  author = {Donati, C. S.},
  date = {2019-06-19},
  issn = {2495-6465},
  doi = {10.58079/sgz1},
  url = {https://oaamu.hypotheses.org/1395},
  urldate = {2024-04-11},
  abstract = {Collecte et documentation Quelles données allez-vous collecter, étudier, générer ou réutiliser~? Quel type, format et volume de données allez-vous collecter, étudier, générer ou réutiliser~? Quelles...},
  langid = {french},
  organization = {Le réservoar},
  file = {/home/port-pret-etu01/snap/zotero-snap/common/Zotero/storage/76J8CS8I/1395.html},
  keywords = {gestionDonnee}
}

@online{IdentifiantsPerennesPour2015,
  title = {Identifiants pérennes pour les ressources numériques},
  date = {2015-12-11},
  url = {https://www.culture.gouv.fr/espace-documentation/Publications-revues/Identifiants-perennes-pour-les-ressources-numeriques},
  urldate = {2024-06-27},
  abstract = {Vade-mecum pour les producteurs de données},
  langid = {french},
  organization = {culture.gouv},
  file = {/home/port-pret-etu01/snap/zotero-snap/common/Zotero/storage/33RIVRR3/Identifiants-perennes-pour-les-ressources-numeriques.html},
  keywords = {gestionDonnee}
}

@online{ElementsPlanGestion,
  title = {Éléments d'un plan de gestion de données (PGD) | La science ouverte à INRAE},
  url = {https://science-ouverte.inrae.fr/fr/les-donnees-et-le-numerique-scientifiques/gerer-des-donnees-et-des-codes/comment-rediger-un-pgd-1},
  urldate = {2024-08-29},
  abstract = {Les informations contenues dans un PGD de projet concernent tous les jeux de données ainsi que les codes, modèles, processus… produits ou mis en œuvre au cours du projet.},
  langid = {french},
  file = {/home/port-pret-etu01/snap/zotero-snap/common/Zotero/storage/PBVUVE2X/comment-rediger-un-pgd-1.html},
  keywords = {gestionDonnee}
}

@online{csdonatiFAIReVivreDonnees2019,
  title = {{{FAIRe}} vivre les données de recherche: retours d’expérience sur l’organisation, la préservation et le partage},
  shorttitle = {{{FAIRe}} vivre les données de recherche},
  author = {Donati, C. S.},
  date = {2019},
  journaltitle = {FAIRe vivre les données de recherche : retours d’expérience sur l’organisation, la préservation et le partage},
  issn = {2495-6465},
  abstract = {Le 13 décembre 2018 le groupe Dialogu’IST, réseau Renatis, a animé le 7e atelier de formation sur la thématique de gestion et de valorisation des données de la recherche dans les laboratoires. Cet atelier fut l’occasion de divers retours d’expérience sur l’organisation, la préservation et le partage des données de la recherche. Autour de la question «~Comment FAIRe vivre les données~», différents acteurs, professionnels de l’Information Scientifique et Technique (IST), ingénieurs de recherche...},
  langid = {english},
  organization = {Le réservoar},
  keywords = {gestionDonnee}
}

@online{ScienceOuverteCNRS,
  title = {Science Ouverte - CNRS},
  url = {https://www.science-ouverte.cnrs.fr/},
  urldate = {2024-07-12},
  langid = {french},
  organization = {Science Ouverte},
  file = {/home/port-pret-etu01/snap/zotero-snap/common/Zotero/storage/8HYFR6P6/www.science-ouverte.cnrs.fr.html},
  keywords = {gestionDonnee}
}

@online{chabinGlossaireArchivage2010,
  title = {Glossaire de l'archivage},
  author = {Chabin, Marie-Anne},
  date = {2010},
  url = {https://www.marieannechabin.fr/arcateg/glossaire/},
  urldate = {2024-08-28},
  langid = {french},
  organization = {Arcateg, méthode d'archivage par catégorie},
  keywords = {gestionDonnee}
}

@article{wilkinsonFAIRGuidingPrinciples2016,
  title = {The {{FAIR Guiding Principles}} for scientific data management and stewardship},
  author = {Wilkinson, Mark D. and Dumontier, Michel and family=Aalbersberg, given=IJsbrand Jan, given-i={{IJ}}J and Appleton, Gabrielle and Axton, Myles and Baak, Arie and Blomberg, Niklas and Boiten, Jan-Willem and family=Silva Santos, given=Luiz Bonino, prefix=da, useprefix=true and Bourne, Philip E. and Bouwman, Jildau and Brookes, Anthony J. and Clark, Tim and Crosas, Mercè and Dillo, Ingrid and Dumon, Olivier and Edmunds, Scott and Evelo, Chris T. and Finkers, Richard and Gonzalez-Beltran, Alejandra and Gray, Alasdair J. G. and Groth, Paul and Goble, Carole and Grethe, Jeffrey S. and Heringa, Jaap and family=Hoen, given=Peter A. C., prefix=’t, useprefix=true and Hooft, Rob and Kuhn, Tobias and Kok, Ruben and Kok, Joost and Lusher, Scott J. and Martone, Maryann E. and Mons, Albert and Packer, Abel L. and Persson, Bengt and Rocca-Serra, Philippe and Roos, Marco and family=Schaik, given=Rene, prefix=van, useprefix=true and Sansone, Susanna-Assunta and Schultes, Erik and Sengstag, Thierry and Slater, Ted and Strawn, George and Swertz, Morris A. and Thompson, Mark and family=Lei, given=Johan, prefix=van der, useprefix=true and family=Mulligen, given=Erik, prefix=van, useprefix=true and Velterop, Jan and Waagmeester, Andra and Wittenburg, Peter and Wolstencroft, Katherine and Zhao, Jun and Mons, Barend},
  date = {2016-03-15},
  journaltitle = {Scientific Data},
  shortjournal = {Sci Data},
  volume = {3},
  number = {1},
  pages = {160018},
  publisher = {Nature Publishing Group},
  issn = {2052-4463},
  doi = {10.1038/sdata.2016.18},
  url = {https://www.nature.com/articles/sdata201618},
  urldate = {2024-08-06},
  abstract = {There is an urgent need to improve the infrastructure supporting the reuse of scholarly data. A diverse set of stakeholders—representing academia, industry, funding agencies, and scholarly publishers—have come together to design and jointly endorse a concise and measureable set of principles that we refer to as the FAIR Data Principles. The intent is that these may act as a guideline for those wishing to enhance the reusability of their data holdings. Distinct from peer initiatives that focus on the human scholar, the FAIR Principles put specific emphasis on enhancing the ability of machines to automatically find and use the data, in addition to supporting its reuse by individuals. This Comment is the first formal publication of the FAIR Principles, and includes the rationale behind them, and some exemplar implementations in the community.},
  langid = {english},
  file = {/home/port-pret-etu01/snap/zotero-snap/common/Zotero/storage/G57LS6PY/Wilkinson et al. - 2016 - The FAIR Guiding Principles for scientific data ma.pdf},
  keywords = {gestionDonnee}
}
