@online{miskinisMysteriousHistoryDigital2019,
  title = {The {{Mysterious History}} of {{Digital Twin Technology}} and {{Who Created It}}},
  author = {Miskinis, Carlos},
  date = {2019},
  url = {https://www.challenge.org/insights/digital-twin-history/},
  urldate = {2024-07-19},
  abstract = {The concept of digital twin has been first mentioned in the early 2000's, however, its history and how this idea came about still has confusion around it},
  langid = {english},
  organization = {Challenge Advisory},
  file = {/home/port-pret-etu01/snap/zotero-snap/common/Zotero/storage/RXVK7QNH/digital-twin-history.html},
  keywords = {jumeauNumérique}
}

@online{kalilMirrorWorldsBook2024,
  title = {Mirror {{Worlds}}: {{The Book That Predicted Digital Twins}}},
  shorttitle = {Mirror {{Worlds}}},
  author = {Kalil, Mike},
  date = {2024-02-10T04:28:28+00:00},
  url = {https://mikekalil.com/blog/mirror-worlds-digital-twin/},
  urldate = {2024-06-27},
  abstract = {The 1991 book, Mirror Worlds: or the Day Software Puts the Universe in a Shoebox…How It Will Happen and What It Will Mean, by David Gelernter forecasts the development of detailed digital model…},
  langid = {english},
  organization = {Mike Kalil},
  file = {/home/port-pret-etu01/snap/zotero-snap/common/Zotero/storage/R8964BC4/mirror-worlds-digital-twin.html},
  keywords = {jumeauNumérique}
}

@book{gelernterMirrorWorldsDay1991,
  title = {Mirror worlds, or, {{The}} day software puts the universe in a shoebox-- : how it will happen and what it will mean},
  shorttitle = {Mirror worlds, or, {{The}} day software puts the universe in a shoebox--},
  author = {Gelernter, David Hillel},
  namea = {{Internet Archive}},
  nameatype = {collaborator},
  date = {1991},
  publisher = {New York : Oxford University Press},
  url = {http://archive.org/details/mirrorworldsorda0000gele},
  urldate = {2024-06-27},
  abstract = {237 p. : 25 cm; Includes bibliographical references (p. 227-231) and index},
  isbn = {978-0-19-506812-2},
  langid = {english},
  pagetotal = {262},
  keywords = {jumeauNumérique}
}

@article{zadehDigitalTwinMight2024,
  title = {A {{Digital Twin Might Just Save Your Life}}},
  author = {Zadeh, Joe},
  date = {2024-03-21},
  journaltitle = {Noema},
  url = {https://www.noemamag.com/a-digital-twin-might-just-save-your-life},
  urldate = {2024-06-27},
  abstract = {Digital twins offer humankind the ability to command virtual replicas of forests, oil fields, cities, supply chains — and even, maybe one day, our very bodies.},
  langid = {english},
  keywords = {jumeauNumérique}
}

@article{lehmann-hauptBooksTimesMirror1991,
  entrysubtype = {newspaper},
  title = {Books of {{The Times}}; a mirror of reality on a {{Computer Screen}}},
  author = {Lehmann-Haupt, Christopher},
  date = {1991-12-19},
  journaltitle = {The New York Times},
  url = {https://archive.nytimes.com/www.nytimes.com/books/99/01/03/specials/gelernter-worlds.html},
  urldate = {2024-06-27},
  file = {/home/port-pret-etu01/snap/zotero-snap/common/Zotero/storage/A638TM2G/gelernter-worlds.html},
  keywords = {jumeauNumérique}
}

@online{onceaDigitalTwinsApollo2024,
  title = {Digital {{Twins From Apollo}} 13 {{To Treating Cancer}}},
  author = {Oncea, John},
  date = {2024-03-09},
  url = {https://www.rfglobalnet.com/doc/digital-twins-from-apollo-to-treating-cancer-0001},
  urldate = {2024-07-19},
  langid = {english},
  file = {/home/port-pret-etu01/snap/zotero-snap/common/Zotero/storage/T68CU6I7/digital-twins-from-apollo-to-treating-cancer-0001.html},
  keywords = {jumeauNumérique}
}

@article{helbingDigitalTwinsPotentials2022,
  title = {Digital {{Twins}}: {{Potentials}}, {{Ethical Issues}}, and {{Limitations}}},
  author = {Helbing, Dirk and Sánchez-Vaquerizo, Javier Argota},
  date = {2022},
  url = {https://arxiv.org/pdf/2208.04289},
  urldate = {2024-06-27},
  langid = {english},
  file = {/home/port-pret-etu01/snap/zotero-snap/common/Zotero/storage/DCJXAZ4B/Helbing et Sánchez-Vaquerizo - 2022 - Digital Twins Potentials, Ethical Issues, and Lim.pdf},
  keywords = {jumeauNumérique}
}

@online{batagliaWhyTeamingIndustry2024,
  title = {Why teaming up industry 4.0 technologies works better than deploying them solo},
  author = {Bataglia, Danielle},
  date = {2024-02-06},
  url = {https://www.weforum.org/agenda/2024/02/fourth-industrial-revolution-technology-bundles/},
  urldate = {2024-07-19},
  abstract = {When adopting the plethora of new \#4IR technologies to boost industry, employing them in stand-alone or piecemeal fashion isn't the most productive strategy.},
  langid = {english},
  organization = {World Economic Forum},
  keywords = {jumeauNumérique}
}

@misc{grievesJumeauxNumeriquesPresentation2019,
  title = {Jumeaux numériques - présentation},
  date = {2019},
  url = {https://pedagogie.ac-montpellier.fr/sites/default/files/2020-02/7_jumeauxnumeriques_v2.pdf},
  urldate = {2024-06-05},
  langid = {french},
  file = {/home/port-pret-etu01/snap/zotero-snap/common/Zotero/storage/6NKCTRZ2/Grieves - 2019 - JUMEAUX NUMERIQUES- PRESENTATION.pdf},
  keywords = {jumeauNumérique}
}

@online{miskinisComparingInternetThings2018,
  title = {Comparing {{The Internet}} of {{Things Versus Digital Twin Technology}}},
  author = {Miskinis, Carlos},
  date = {2018},
  url = {https://www.challenge.org/insights/internet-of-things-vs-digital-twin/},
  urldate = {2024-08-11},
  abstract = {In this article we will compare how digital twins and their capability to create simulations stacks up against the Internet of Things technology and its},
  langid = {english},
  organization = {Challenge Advisory},
  keywords = {jumeauNumérique}
}

@online{DefinitionDigitalTwin,
  title = {Definition of a {{Digital Twin}}},
  url = {https://www.digitaltwinconsortium.org/initiatives/the-definition-of-a-digital-twin/},
  urldate = {2024-07-23},
  abstract = {Digital Twin Consortium’s consensus-driven definition unifies an emerging industry and speeds our members' time to market.},
  langid = {english},
  organization = {Digital Twin Consortium},
  keywords = {jumeauNumérique}
}

@online{gladieuxJumeauNumeriqueAeronautique2019,
  title = {Jumeau numérique et aéronautique : aux sources de l'innovation},
  shorttitle = {JUMEAU NUMÉRIQUE ET AÉRONAUTIQUE},
  author = {Gladieux, Christian},
  date = {2019-06-03},
  url = {https://cad-magazine.com/jumeau-numerique-et-aeronautique-aux-sources-de-linnovation/},
  urldate = {2024-07-16},
  abstract = {L’aéronautique est un secteur d’activité à la fois conservateur, sécurité oblige, et ouvert aux technologies nouvelles. La filière a intégré successivement la maquette numérique, les solutions de PDM, de PLM, la simulation numérique, l’ingénierie système, le Big Data, etc. Tous ces outils et méthodologies de travail mis en place depuis...},
  langid = {french},
  organization = {Cad Magazine},
  file = {/home/port-pret-etu01/snap/zotero-snap/common/Zotero/storage/UQZLWX9H/jumeau-numerique-et-aeronautique-aux-sources-de-linnovation.html},
  keywords = {jumeauNumérique}
}

@online{DigitalTwinConsortium,
  title = {Digital {{Twin Consortium}} | {{Brochure}}},
  url = {https://www.digitaltwinconsortium.org/pdf/DTC-Brochure.pdf},
  urldate = {2024-07-11},
  langid = {english},
  keywords = {jumeauNumérique}
}

@article{damicoKnowledgeTransferDigital2024,
  title = {Knowledge transfer in {{Digital Twins}}: {{The}} methodology to develop {{Cognitive Digital Twins}}},
  shorttitle = {Knowledge transfer in {{Digital Twins}}},
  author = {D’Amico, Rosario Davide and Sarkar, Arkopaul and Karray, Mohamed Hedi and Addepalli, Sri and Erkoyuncu, John Ahmet},
  date = {2024-09-01},
  journaltitle = {CIRP Journal of Manufacturing Science and Technology},
  shortjournal = {CIRP Journal of Manufacturing Science and Technology},
  volume = {52},
  pages = {366--385},
  issn = {1755-5817},
  doi = {10.1016/j.cirpj.2024.06.007},
  url = {https://www.sciencedirect.com/science/article/pii/S1755581724000932},
  urldate = {2024-07-16},
  abstract = {In the realm of Digital Twins (DTs), industry experts have emphasised the pivotal concept of the Federation of Twins, envisioning seamless collaboration across sectors driven by shared semantics. In response to this challenge, the Cognitive Digital Twin (CDT) integrates the DT framework with formal semantics, specifically ontologies. This paper introduces a comprehensive five-step methodology for CDT development. Furthermore, it becomes possible to incorporate human expertise into the DT ecosystem by adopting an ontological approach. The CDT enhances DT services with advanced reasoning capabilities, leading to a profound semantic enrichment of the data. The presented methodology has been validated using a use case where the CDT is employed to detect malfunctions, significantly reducing manual intervention. This paper advocates for the adoption of CDTs, which represent a harmonious fusion of formal semantics and human expertise, enhancing system efficiency and operational performance.},
  langid = {english},
  file = {/home/port-pret-etu01/snap/zotero-snap/common/Zotero/storage/W49CBHTE/S1755581724000932.html},
  keywords = {jumeauNumérique}
}

@online{thermosJumeauNumeriqueConcept2024,
  title = {Jumeau numérique : concept et applications},
  shorttitle = {Jumeau numérique},
  author = {Thermos, Alicia},
  date = {2024-03-13},
  url = {https://blog.kuzzle.io/fr/jumeaux-numeriques-iot},
  urldate = {2024-06-10},
  abstract = {Guide complet sur les jumeaux numériques : définitions, types de jumeaux numériques et applications possibles.},
  langid = {french},
  organization = {Kuzzle},
  file = {/home/port-pret-etu01/snap/zotero-snap/common/Zotero/storage/PSQIPDMY/jumeaux-numeriques-iot.html},
  keywords = {jumeauNumérique}
}

@online{donniniToutComprendreJumeau2023,
  title = {Tout comprendre sur le jumeau numérique},
  author = {Donnini, Frédéric},
  date = {2023-04-12},
  url = {https://www.ct-ipc.com/blog-ipc/tout-comprendre-sur-le-jumeau-numerique/},
  urldate = {2024-07-16},
  abstract = {Introduction au jumeau numérique en plasturgie. Un résumé de notre étude de veille technologique est à découvrir},
  langid = {french},
  organization = {IPC, Centre Technique Industriel de la Plasturgie et des Composites},
  file = {/home/port-pret-etu01/snap/zotero-snap/common/Zotero/storage/W8YPR6PI/tout-comprendre-sur-le-jumeau-numerique.html},
  keywords = {jumeauNumérique}
}

@article{bealJumeauNumeriqueRealite,
  entrysubtype = {magazine},
  title = {Jumeau numérique et réalité virtuelle pour la modélisation de systèmes complexes},
  author = {Béal, Pierre-Antoine and Septseault, Cyril and Aubry, Matthieu and Lorenzato, Lise and Thomas, Pierre-Armand},
  journaltitle = {Techniques de l'Ingénieur},
  url = {https://www-techniques-ingenieur-fr.portail.psl.eu/base-documentaire/genie-industriel-th6/theorie-et-management-des-systemes-complexes-42131210/jumeau-numerique-et-realite-virtuelle-pour-la-modelisation-de-systemes-complexes-ag1566/},
  urldate = {2024-06-18},
  abstract = {Le jumeau numérique est le double numérique d'un système physique. L'intérêt d'un jumeau numérique dans le cas d'un système complexe est de disposer d'un outil d'étude et de test plus souple et plus accessible aux testeurs que le système physique lui-même.},
  langid = {french},
  file = {/home/port-pret-etu01/snap/zotero-snap/common/Zotero/storage/L6ZD89RU/jumeau-numerique-et-realite-virtuelle-pour-la-modelisation-de-systemes-complexes-ag1566.html},
  keywords = {jumeauNumérique}
}

@online{QuEstceQu2023,
  title = {Qu’est-ce qu’un jumeau numérique ? | IBM},
  shorttitle = {Qu’est-ce qu’un jumeau numérique ?},
  date = {2023-12-19T03:26:37.401},
  url = {https://www.ibm.com/fr-fr/topics/what-is-a-digital-twin},
  urldate = {2024-06-18},
  abstract = {Découvrez la définition du jumeau numérique, son fonctionnement et ses avantages au moyen d’applications et d’utilisations dans de multiples secteurs, tels que la fabrication et l’ingénierie.},
  langid = {french},
  keywords = {jumeauNumérique}
}

@online{garcia-monteroJumeauNumeriqueQu2023,
  title = {Jumeau numérique : qu'est-ce que cette technologie ?},
  shorttitle = {Jumeau numérique},
  author = {Garcia-Montero, Célia},
  date = {2023-02-24},
  url = {https://www.journaldunet.fr/web-tech/dictionnaire-de-l-iot/1489511-jumeau-numerique-qu-est-ce-que-cette-technologie-20230224/},
  urldate = {2024-06-18},
  abstract = {Présenté comme une révolution majeure dans le domaine industriel, le concept de jumeau numérique, ou "digital twin" en anglais, fait peu à peu son chemin.},
  langid = {french},
  file = {/home/port-pret-etu01/snap/zotero-snap/common/Zotero/storage/84MQ2Z66/1489511-jumeau-numerique-qu-est-ce-que-cette-technologie-20230224.html},
  keywords = {jumeauNumérique}
}

@online{JumeauNumeriqueLogistique2023,
  title = {Jumeau numérique en logistique},
  date = {2023-11-02},
  url = {https://www.knapp.com/fr/savoir/blog/digitaler-zwilling-logistik-definition-vorteile-einsatzgebietejumeau-numerique-logistique-definition-avantages-domaines-dapplication/},
  urldate = {2024-07-16},
  abstract = {Le jumeau numérique transforme le monde de la logistique : plus d’efficacité, plus de durabilité. On vous dit tout sur cette technologie d’avenir !},
  langid = {french},
  organization = {KNAPP},
  file = {/home/port-pret-etu01/snap/zotero-snap/common/Zotero/storage/LLFBQUIU/digitaler-zwilling-logistik-definition-vorteile-einsatzgebietejumeau-numerique-logistique-defin.html},
  keywords = {jumeauNumérique}
}

@online{DigitalTwin2024,
  title = {Digital twin},
  booktitle = {Wikipedia},
  date = {2024-07-24T11:47:22Z},
  url = {https://en.wikipedia.org/w/index.php?title=Digital_twin&oldid=1236384135},
  urldate = {2024-06-18},
  abstract = {A digital twin is a digital model of an intended or actual real-world physical product, system, or process (a physical twin) that serves as the effectively indistinguishable digital counterpart of it for practical purposes, such as simulation, integration, testing, monitoring, and maintenance.  A digital twin is set of adaptive models that emulate the behaviour of a physical system in a virtual system getting real time data to update itself along its life cycle. The digital twin replicates the physical system to predict failures and opportunities for changing, to prescribe real time actions for optimizing and/or mitigating unexpected events observing and evaluating the operating profile system. Though the concept originated earlier (as a natural aspect of computer simulation generally), the first practical definition of a digital twin originated from NASA in an attempt to improve the physical-model simulation of spacecraft in 2010. Digital twins are the result of continual improvement in modeling and engineering.  In the 2010s and 2020s, manufacturing industries began moving beyond digital product definition to extending the digital twin concept to the entire manufacturing process. Doing so allows the benefits of virtualization to be extended to domains such as inventory management including lean manufacturing, machinery crash avoidance, tooling design, troubleshooting, and preventive maintenance. Digital twinning therefore allows extended reality and spatial computing to be applied not just to the product itself but also to all of the business processes that contribute toward its production.},
  langid = {english},
  annotation = {Page Version ID: 1236384135},
  file = {/home/port-pret-etu01/snap/zotero-snap/common/Zotero/storage/DIKLB9KF/Digital_twin.html},
  keywords = {jumeauNumérique}
}

@online{rebecchiQuEstceQue2021,
  title = {Qu’est-ce que la technologie des jumeaux numériques ?},
  author = {Rebecchi, Christopher},
  date = {2021-10-11},
  url = {https://forcam.com/fr/blog/technologie-des-jumeaux-numeriques/},
  urldate = {2024-06-26},
  langid = {french},
  organization = {Forcam},
  file = {/home/port-pret-etu01/snap/zotero-snap/common/Zotero/storage/BRATU46X/technologie-des-jumeaux-numeriques.html},
  keywords = {jumeauNumérique}
}

@online{AviationDurableJumeau,
  title = {Aviation Durable | Jumeau Numérique Aéronautique | Siemens},
  url = {https://resources.sw.siemens.com/fr-FR/white-paper-aerospace-defense-digitally-transforming-future-aircraft-configurations},
  urldate = {2024-07-16},
  abstract = {Aviation Durable | Jumeau Numérique Aéronautique | Siemens},
  langid = {french},
  organization = {Siemens Resource Center},
  keywords = {jumeauNumérique}
}

@article{olivierAvionneursEmparentJumeau2020,
  entrysubtype = {magazine},
  title = {Les avionneurs s’emparent du jumeau numérique},
  author = {Olivier, James},
  date = {2020-04-24},
  publisher = {www.usinenouvelle.com},
  url = {https://www.usinenouvelle.com/editorial/les-avionneurs-s-emparent-du-jumeau-numerique.N953846},
  urldate = {2024-07-16},
  abstract = {À l’instar des motoristes, le concept de jumeau numérique a le vent en poupe chez les avionneurs, tant pour le développement des appareils...-Aéro - Spatial},
  langid = {french},
  file = {/home/port-pret-etu01/snap/zotero-snap/common/Zotero/storage/WRZDK2ZN/les-avionneurs-s-emparent-du-jumeau-numerique.html},
  keywords = {jumeauNumérique}
}

@article{attaranDigitalTwinsIndustrial2024,
  title = {Digital {{Twins}} and {{Industrial Internet}} of {{Things}}: {{Uncovering}} operational intelligence in industry 4.0},
  shorttitle = {Digital {{Twins}} and {{Industrial Internet}} of {{Things}}},
  author = {Attaran, Sharmin and Attaran, Mohsen and Celik, Bilge Gokhan},
  date = {2024-03-01},
  journaltitle = {Decision Analytics Journal},
  shortjournal = {Decision Analytics Journal},
  volume = {10},
  pages = {100398},
  issn = {2772-6622},
  doi = {10.1016/j.dajour.2024.100398},
  url = {https://www.sciencedirect.com/science/article/pii/S277266222400002X},
  urldate = {2024-07-17},
  abstract = {The Industrial Internet of Things (IIoT) and Digital Twins (DTs) are changing how digital models and physical products interact. IIoT connects to intelligence in the physical world, and DTs virtually represent their physical counterparts. As a result, DTs will be invaluable for testing and simulating new parameters and design variants. However, Despite the undeniable potential of DTs, they still cannot differentiate themselves from simulation technologies, and their application and adoption remain limited. This study defines the concept, highlights the evolution and development of DTs, reviews its key enabling technologies, identifies IIoT’s role as the backbone of DTs, examines DTs trends, highlights the key challenges, and explores its applications in the manufacturing process and Industry 4.0.},
  langid = {english},
  file = {/home/port-pret-etu01/snap/zotero-snap/common/Zotero/storage/HNCNZ8SI/S277266222400002X.html},
  keywords = {jumeauNumérique}
}

@article{jinBigDataMachine2024,
  title = {Big data, machine learning, and digital twin assisted additive manufacturing: {{A}} review},
  author = {Jin, Liuchao and Zhai, Xiaoya and Wang, Kang and Zhang, Kang and Wu, Dazhong and Nazir, Aamer and Jiang, Jingchao and Liao, Wei-Hsin},
  date = {2024-06-28},
  journaltitle = {Materials \& Design},
  volume = {244},
  doi = {10.1016/j.matdes.2024.113086},
  url = {https://www.sciencedirect.com/science/article/pii/S026412752400460X},
  urldate = {2024-07-16},
  langid = {english},
  keywords = {jumeauNumérique}
}

@article{kreuzerArtificialIntelligenceDigital2024,
  title = {Artificial intelligence in digital twins—{{A}} systematic literature review},
  author = {Kreuzer, Tim and Papapetrou, Panagiotis and Zdravkovic, Jelena},
  date = {2024-05-01},
  journaltitle = {Data \& Knowledge Engineering},
  shortjournal = {Data \& Knowledge Engineering},
  volume = {151},
  pages = {102304},
  issn = {0169-023X},
  doi = {10.1016/j.datak.2024.102304},
  url = {https://www.sciencedirect.com/science/article/pii/S0169023X24000284},
  urldate = {2024-07-16},
  abstract = {Artificial intelligence and digital twins have become more popular in recent years and have seen usage across different application domains for various scenarios. This study reviews the literature at the intersection of the two fields, where digital twins integrate an artificial intelligence component. We follow a systematic literature review approach, analyzing a total of 149 related studies. In the assessed literature, a variety of problems are approached with an artificial intelligence-integrated digital twin, demonstrating its applicability across different fields. Our findings indicate that there is a lack of in-depth modeling approaches regarding the digital twin, while many articles focus on the implementation and testing of the artificial intelligence component. The majority of publications do not demonstrate a virtual-to-physical connection between the digital twin and the real-world system. Further, only a small portion of studies base their digital twin on real-time data from a physical system, implementing a physical-to-virtual connection.},
  langid = {english},
  file = {/home/port-pret-etu01/snap/zotero-snap/common/Zotero/storage/UUVGYNYE/S0169023X24000284.html},
  keywords = {jumeauNumérique}
}

@online{MiroirMiroirJumeau2021,
  title = {Miroir, miroir... : le jumeau numérique du territoire},
  shorttitle = {Miroir, miroir...},
  date = {2021-07-05},
  url = {https://www.banquedesterritoires.fr/miroir-miroir-le-jumeau-numerique-du-territoire-0},
  urldate = {2024-07-11},
  abstract = {Le jumeau numérique est une réplique virtuelle de la ville qui donne à voir le territoire tel qu’il fonctionne, en 3D, de manière augmentée. Les jumeaux numériques sont devenus des projets emblématiques de la smart city qui suscitent beaucoup d'intérêt, les plus connus sont les cas de Rennes et de Singapour et beaucoup d’autres villes ont rejoint le mouvement.},
  langid = {french},
  organization = {Banque des territoires},
  file = {/home/port-pret-etu01/snap/zotero-snap/common/Zotero/storage/WJMMIYQ9/miroir-miroir-le-jumeau-numerique-du-territoire-0.html},
  keywords = {jumeauNumérique}
}

@online{MirorringRealityDigital2024,
  title = {Mirorring reality : digital twin in aerospace and defense},
  date = {2024-07-23},
  url = {https://prod.ucwe.capgemini.com/wp-content/uploads/2023/05/Final-Web-Version-Report-Digital-Twins-in-AD.pdf},
  urldate = {2024-07-16},
  langid = {english},
  keywords = {jumeauNumérique}
}

@article{javaidDigitalTwinApplications2023,
  title = {Digital {{Twin}} applications toward {{Industry}} 4.0: {{A Review}}},
  shorttitle = {Digital {{Twin}} applications toward {{Industry}} 4.0},
  author = {Javaid, Mohd and Haleem, Abid and Suman, Rajiv},
  date = {2023-01-01},
  journaltitle = {Cognitive Robotics},
  shortjournal = {Cognitive Robotics},
  volume = {3},
  pages = {71--92},
  issn = {2667-2413},
  doi = {10.1016/j.cogr.2023.04.003},
  url = {https://www.sciencedirect.com/science/article/pii/S2667241323000137},
  urldate = {2024-08-29},
  abstract = {Digital Twin is a virtual representation of objects, processes, and systems that exist in real-time. While Digital Twin can represent digital objects, they are often used to connect the physical and digital worlds. This technology plays a vital role in fulfilling various requirements of Industry 4.0. It gives a digital image of a factory's operations, a communications network's activities, or the movement of items through a logistics system. This paper studies Digital Twin and its need in Industry 4.0. Then the process and supportive features of Digital Twin for Industry 4.0 are diagrammatically discussed, and finally, the major applications of Digital Twin for Industry 4.0 are identified. Digital Twin sophistication depends on the process or product represented and the data available. Manufacturers can learn how assets will behave in real-time, in the physical world, by putting sensors on particular assets, gathering data, creating digital duplicates, and employing machine intelligence. They can confidently make wise judgments, which helps improve company performance. Digital Twin assesses material usage to save costs, discover inefficiencies, replicate tool tracking systems, and do other things. Manufacturers construct a digital clone for specific equipment and tools, exclusive products or systems, entire procedures, or anything else they want to improve on the factory floor. Sensors and other equipment that collect real-time data on the state of the process or product collect this information, which on the other hand, must be handled and processed appropriately. It is made feasible by IoT sensors, which collect data from the physical environment and transmit it to be virtually recreated. This information comprises design and engineering details that explain the asset's shape, materials, components, and behaviour or performance.},
  file = {/home/port-pret-etu01/snap/zotero-snap/common/Zotero/storage/S9PDX5HR/S2667241323000137.html},
  keywords = {jumeauNumérique}
}

@article{gasnierTechnHomTime2020a,
  title = {Techn’hom Time Machine : un patrimoine industriel augmenté},
  shorttitle = {Techn’hom Time Machine},
  author = {Gasnier, Marina},
  date = {2020-07-15},
  journaltitle = {Artefact. Techniques, histoire et sciences humaines},
  number = {12},
  pages = {293--299},
  publisher = {Presses universitaires du Midi},
  issn = {2273-0753},
  doi = {10.4000/artefact.5967},
  url = {https://journals.openedition.org/artefact/5967},
  urldate = {2024-08-29},
  abstract = {Contexte et objectifs En accord avec la politique scientifique de l’université de technologie de Belfort-Montbéliard, le projet Techn’hom Time Machine vise à articuler davantage l’enseignement et la recherche, ainsi qu’à développer l’interdisciplinarité entre les sciences humaines et sociales et les sciences de l’ingénierie. À titre expérimental, ce projet envisage le développement de nouvelles formes d’apprentissage. Les enseignants-chercheurs et les étudiants seront co-constructeurs de nouv...},
  isbn = {9782810706914},
  issue = {12},
  langid = {french},
  file = {/home/port-pret-etu01/snap/zotero-snap/common/Zotero/storage/ITVV546R/Gasnier - 2020 - Techn’hom Time Machine  un patrimoine industriel .pdf},
  keywords = {jumeauNumérique}
}

@online{PremiersJoursJumeaux,
  title = {Les premiers jours des jumeaux numériques dans la supply chain},
  url = {https://www.lemagit.fr/conseil/Les-premiers-jours-des-jumeaux-numeriques-dans-la-supply-chain},
  urldate = {2024-07-16},
  abstract = {Un jumeau numérique qui résout tous les problèmes de la chaîne d’approvisionnement n’est peut-être pas encore une réalité. Découvrez pourquoi et quels types de projets sont réalistes à date.},
  langid = {french},
  organization = {LeMagIT},
  file = {/home/port-pret-etu01/snap/zotero-snap/common/Zotero/storage/RMPS9HAC/Les-premiers-jours-des-jumeaux-numeriques-dans-la-supply-chain.html},
  keywords = {jumeauNumérique} 
}

@online{EssorJumeauxNumeriques2024,
  title = {L’essor des jumeaux numériques face à leurs défis | CNRS},
  date = {2024-07-18},
  url = {https://www.cnrs.fr/fr/actualite/lessor-des-jumeaux-numeriques-face-leurs-defis},
  urldate = {2024-08-30},
  abstract = {Depuis la création du terme en 2002 par l’entrepreneur Michael Grieves et John Vickers, directeur à la NASA, le jumeau numérique est a},
  langid = {french},
  file = {/home/port-pret-etu01/snap/zotero-snap/common/Zotero/storage/7EJJRDRS/lessor-des-jumeaux-numeriques-face-leurs-defis.html},
  keywords = {jumeauNumérique} 
}

@online{JumeauxNumeriquesGuide,
  title = {Les jumeaux numériques : Un guide pour les fabricants},
  shorttitle = {Les jumeaux numériques},
  url = {https://tulip.co/fr/blog/digital-twins-in-manufacturing/},
  urldate = {2024-07-03},
  abstract = {Découvrez l'histoire des jumeaux numériques, leur utilisation dans l'industrie manufacturière et les avantages qu'ils présentent pour les entreprises.},
  langid = {french},
  organization = {Tulip},
  file = {/home/port-pret-etu01/snap/zotero-snap/common/Zotero/storage/L2GDZWEC/digital-twins-in-manufacturing.html},
  keywords = {jumeauNumérique} 
}