@online{chauvetLivrables_techniques_AGLAEMCD_AGLAE_DefinitifMCD,
  title = {Livrables\_techniques\_{{AGLAE}}/{{MCD}}\_{{AGLAE}}\_{{Définitif}}/{{MCD}}.svg at main · {{PaulineChauvet}}/{{Livrables}}\_techniques\_{{AGLAE}} · {{GitHub}}},
  author = {Chauvet, Pauline},
  url = {https://github.com/PaulineChauvet/Livrables_techniques_AGLAE/blob/main/MCD_AGLAE_D%C3%A9finitif/MCD.svg},
  urldate = {2024-05-16},
  file = {/home/port-pret-etu01/snap/zotero-snap/common/Zotero/storage/BWRBCWEJ/MCD.html},
  keywords = {technique}
}

@software{chauvetPaulineChauvetLivrables_techniques_AGLAE2021,
  title = {{{PaulineChauvet}}/{{Livrables}}\_techniques\_{{AGLAE}}},
  author = {Chauvet, Pauline},
  date = {2021-09-04},
  origdate = {2021-08-31T21:17:20Z},
  url = {https://github.com/PaulineChauvet/Livrables_techniques_AGLAE},
  urldate = {2024-04-15},
  keywords = {technique}
}

@online{manuefigModelisonsPeuChoix2023,
  title = {Modélisons un peu : le choix d’un type de bases de données},
  shorttitle = {Modélisons un peu},
  author = {{manuefig}},
  date = {2023-12-13},
  url = {https://figoblog.org/2023/12/13/modelisons-un-peu-le-choix-dun-type-de-bases-de-donnees/},
  urldate = {2024-04-05},
  abstract = {Alors que je préparais mon dernier (ou presque) cours de modélisation de l’année pour les TNAH, m’est venue l’idée saugrenue de faire un arbre de décision qui récapitulerait les c…},
  langid = {french},
  organization = {Figoblog},
  file = {/home/port-pret-etu01/snap/zotero-snap/common/Zotero/storage/VL8ZTQ9E/modelisons-un-peu-le-choix-dun-type-de-bases-de-donnees.html},
  keywords = {technique}
}

@online{laugierBasesNoSQLOrientees2017,
  title = {Les bases NoSQL orientées colonnes, qu’est ce que c’est ?},
  author = {Laugier, Anne-Sophie and France, Louis-Baptiste},
  date = {2017-03-02},
  url = {https://www.illustradata.com/bases-nosql-orientees-colonnes-quest-cest/},
  urldate = {2024-04-24},
  abstract = {Avant dernier article sur les bases NoSql avec les bases orientées colonnes !!},
  langid = {french},
  organization = {IllustraData},
  file = {/home/port-pret-etu01/snap/zotero-snap/common/Zotero/storage/CYD86LSK/bases-nosql-orientees-colonnes-quest-cest.html},
  keywords = {technique}
}

@book{soutouModelisationBasesDonnees2022,
  title = {Modélisation des bases de données},
  author = {Soutou, Christian},
  namea = {Brouard, Frédéric and Lenquette, Didier and Navarro, Laurent},
  nameatype = {collaborator},
  date = {2022},
  edition = {5e édition.},
  publisher = {Éditions Eyrolles, Eyrolles},
  location = {Paris},
  abstract = {S'adressant aux architectes logiciels, analystes, développeurs et étudiants, cet ouvrage explique comment créer un diagramme conceptuel pour concevoir une base de données SQL optimisée. La démarche décrite est indépendante de tout éditeur de logiciel et transposable, quel que soit l'outil de conception choisi. Le livre décrit d'abord l'élaboration d'un modèle conceptuel à l'aide de règles de validation et de normalisation. Les mécanismes de dérivation vers un schéma relationnel sont clairement commentés. Le modèle peut être ensuite optimisé avant l'écriture des scripts SQL de création des tables, index et contraintes. La dernière étape consiste à définir des vues. L'ouvrage se clôt par une étude comparative des principaux outils de modélisation sur le marché. En grande partie réécrite pour prendre en compte les formalismes entité-association tels que Merise ou Barker, cette cinquième édition est commentée par des experts indépendants. Émaillée d'une centaine de schémas et d'illustrations, elle est complétée par 30 exercices inspirés de cas réels.},
  isbn = {978-2-416-00750-7},
  langid = {fre},
  pagetotal = {xii+361},
  keywords = {technique}
}
